%% This BibTeX bibliography file was created using BibDesk.
%% http://bibdesk.sourceforge.net/

%% Created for William Berdanier at 2018-12-07 11:06:51 -0800 


%% Saved with string encoding Unicode (UTF-8) 



@url{wiki_colorspaces,
	Date-Added = {2018-12-07 11:05:16 -0800},
	Date-Modified = {2018-12-07 11:06:51 -0800},
	Title = {https://en.wikipedia.org/wiki/List_of_color_spaces_and_their_uses},
	Urldate = {4 December 2018}}

@comment{BibDesk Static Groups{
<?xml version="1.0" encoding="UTF-8"?>
<!DOCTYPE plist PUBLIC "-//Apple//DTD PLIST 1.0//EN" "http://www.apple.com/DTDs/PropertyList-1.0.dtd">
<plist version="1.0">
<array>
	<dict>
		<key>group name</key>
		<string>FloquetCFT</string>
		<key>keys</key>
		<string></string>
	</dict>
</array>
</plist>
}}
